@misc{interview_constantino,
  title={Interview with Rodrigo Constantino},
  howpublished={Skype communication},
  date={2014-06-26}
}

@misc{interview_beguoci,
  title={Interview with Leandro Beguoci},
  howpublished={Personal communication},
  date={2014-06-24}
}

@misc{interview_sakamoto,
  title={Interview with Leonardo Sakamoto},
  howpublished={Personal communication},
  date={2014-06-25}
}

@misc{interview_godinho,
  title={Interview with André Godinho},
  howpublished={Personal communication},
  note={Coletivo Baderna Midiática},
  date={2014-07-12}
}

@online{encurtadorurl,
title={Encurtador higiênico de chorume},
year={2014},
url={http://naofo.de/},
language={Portuguese},
urldate={2014-07-21}
}

@unpublished{miotto2014predictability,
  title={Predictability of extreme events in social media},
  author={Miotto, Jos{\'e} M and Altmann, Eduardo G},
  howpublished={arXiv preprint},
  url = {http://arxiv.org/pdf/1403.3616.pdf},
  urldate = {2014-07-21},
  year={2014}
}

@online{atlasmunicipal,
title={Atlas Municipal},
author={{Prefeitura Municipal de São Paulo}},
year={2007},
url={http://atlasmunicipal.prefeitura.sp.gov.br/},
language={Portuguese},
urldate={2014-07-20}
}

@inproceedings{gohn2014social,
  title={Social Movements and Protests in Brazil in 2013 -- What's New?},
  author={Gohn, Maria da Gloria},
  booktitle={XVIII ISA World Congress of Sociology (July 13-19, 2014)},
  year={2014},
  organization={Isaconf}
}

@misc{campos2013drives,
  title={What drives protests in Brazil? Corruption, ineptitude and elections},
  author={Campos, Nauro F},
  year={2013},
  howpublished={Online article},
  organization={VOX},
  url={http://www.voxeu.org/article/what-drives-protests-brazil-corruption-ineptitude-and-elections}
}

@article {TWEC:TWEC472,
author = {Averbug, Andre},
title = {The Brazilian Economy in 1994–1999: From the Real Plan to Inflation Targets},
journaltitle = {World Economy},
volume = {25},
number = {7},
publisher = {Blackwell Publishers Ltd},
issn = {1467-9701},
url = {http://dx.doi.org/10.1111/1467-9701.00472},
doi = {10.1111/1467-9701.00472},
pages = {925--944},
year = {2002},
}

@inproceedings{rocha2012pobreza,
  title={Pobreza no Brasil A Evolu{\c{c}}{\~a}o de Longo Prazo (1970-2011)},
  author={Rocha, Sonia},
  year={2012},
  booktitle={Estudos e Pesquisas 492},
  language={Portuguese},
  organization={XXV Fórum Nacional -- O Brasil de Amanhã. Transformar Crise em Oportunidade},
  url={http://www.inae.org.br/pub/ep/EP0492.pdf},
  urldate = {2014-07-15}
}

@inproceedings{francisco2003arrastao,
  title={Arrastão midiático e racismo no Rio de Janeiro},
  author={Francisco, Dalmir},
  year={2003},
  language={Portuguese},
  organization={XXVI Congresso Brasileiro de Ciências da Comunicação},
  url={http://www.intercom.org.br/papers/nacionais/2003/www/pdf/2003_NP13_francisco.pdf},
  urldate = {2014-07-17}
}

@article{Fiss01022005,
author = {Fiss, Peer C. and Hirsch, Paul M.}, 
title = {The Discourse of Globalization: Framing and Sensemaking of an Emerging Concept},
volume = {70}, 
number = {1}, 
pages = {29-52}, 
year = {2005}, 
doi = {10.1177/000312240507000103}, 
URL = {http://asr.sagepub.com/content/70/1/29.abstract}, 
journaltitle = {American Sociological Review} 
}


@online{badernamidiatica,
organization = {Baderna Midiática}, 
title = {O Apartheid brasileiro está nu! Sobre os ditos \enquote{arrastões} em shoppings},
date = {2013-12-10},
language = {Portuguese},
URL = {https://badernamidiatica.milharal.org/o-apartheid-brasileiro-esta-nu-sobre-os-ditos-arrastoes-em-shoppings/},
urldate = {2014-07-17}
}

@online{mapapobreza,
title = {Mapa da Pobreza e Desigualdade},
year = {2003},
organization = {Instituto Brasileiro de Geografia e Estatística (IBGE)},
url = {http://www.ibge.gov.br/estadosat/temas.php?tema=mapapobreza2003},
urldate = {2014-07-18}
}

@online{dnapaulistano,
author = {Faleiros, Gustavo},
organization = {Folha de S. Paulo},
title = {DNA Paulistano: navegue pelos dados em mapa interativo},
date = {2012-09-14},
url = {http://folhaspdados.blogfolha.uol.com.br/2012/09/14/dna-paulistano-navegue-pelos-dados-em-mapa-interativo/},
urldate = {2014-07-18}
}

@online{eliogaspari,
author = {Gaspari, Elio},
organization = {Folha de S. Paulo},
title = {O rolezinho pode acabar em rolão},
date = {2014-01-22},
url = {http://folha.com/no1400997},
urldate = {2014-07-18}
}

@article{miller1998framing,
Author = {Miller, M. Mark and Andsager, Julie L. and Riechert, Bonnie P.},
ISSN = {10776990},
journaltitle = {Journalism \& Mass Communication Quarterly},
Number = {2},
Pages = {312 - 324},
Title = {Framing the candidates in presidential primaries: issues and images in press releases and news coverage},
Volume = {75},
Year = {1998},
}

@article{ghaziani2005keywords,
year={2005},
issn={0884-8971},
journal={Sociological Forum},
volume={20},
number={4},
doi={10.1007/s11206-005-9057-0},
title={Keywords and Cultural Change: Frame Analysis of Business Model Public Talk, 1975–2000},
url={http://dx.doi.org/10.1007/s11206-005-9057-0},
publisher={Kluwer Academic Publishers-Plenum Publishers},
keywords={keywords; cultural change; frame analysis; business model; Digital Economy},
author={Ghaziani, Amin and Ventresca, MarcJ.},
pages={523-559},
}

@article{Miller01121997,
author = {Miller, M. Mark}, 
title = {Frame Mapping and Analysis of News Coverage of Contentious Issues},
volume = {15}, 
number = {4}, 
pages = {367-378}, 
year = {1997}, 
doi = {10.1177/089443939701500403}, 
URL = {http://ssc.sagepub.com/content/15/4/367.abstract}, 
journaltitle = {Social Science Computer Review} 
}

@article{Suzuki15062006,
author = {Suzuki, Ryota and Shimodaira, Hidetoshi}, 
title = {Pvclust: an R package for assessing the uncertainty in hierarchical clustering},
volume = {22}, 
number = {12}, 
pages = {1540-1542}, 
year = {2006}, 
doi = {10.1093/bioinformatics/btl117}, 
URL = {http://bioinformatics.oxfordjournals.org/content/22/12/1540.abstract},
journaltitle = {Bioinformatics} 
}

@inproceedings{suzuki2004application,
  title={An application of multiscale bootstrap resampling to hierarchical clustering of microarray data: How accurate are these clusters},
  author={Suzuki, Ryota and Shimodaira, Hidetoshi},
  booktitle={The Fifteenth International Conference on Genome Informatics},
  volume={34},
  year={2004}
}

@article{Kohring01042002,
author = {Kohring, Matthias and Matthes, Jörg}, 
title = {The face(t)s of biotech in the nineties: how the German press framed modern biotechnology},
volume = {11}, 
number = {2}, 
pages = {143-154}, 
year = {2002}, 
doi = {10.1088/0963-6625/11/2/304}, 
URL = {http://pus.sagepub.com/content/11/2/143.abstract}, 
journaltitle = {Public Understanding of Science} 
}

@article{matthes2008content,
  title={The content analysis of media frames: Toward improving reliability and validity},
  author={Matthes, J{\"o}rg and Kohring, Matthias},
  journal={Journal of Communication},
  volume={58},
  number={2},
  pages={258--279},
  year={2008},
  publisher={Wiley Online Library}
}

@article{vanGorp01122005,
author = {Van Gorp, Baldwin}, 
title = {Where is the Frame?: Victims and Intruders in the Belgian Press Coverage of the Asylum Issue},
volume = {20}, 
number = {4}, 
pages = {484-507}, 
year = {2005}, 
doi = {10.1177/0267323105058253}, 
url = {http://ejc.sagepub.com/content/20/4/484.abstract},
journaltitle = {European Journal of Communication} 
}

@article{maher2001framing,
  title={Framing: An emerging paradigm or a phase of agenda setting},
  author={Maher, T. Michael},
  editor={Stephen D. Reese and Oscar H. Gandy Jr. and August E. Grant},
  journal={Framing public life: Perspectives on media and our understanding of the social world},
  pages={83--94},
  year={2001},
  publisher={Lawrence Erlbaum Associates, Mahwah, NJ}
}

@article{benkler2013social,
  title={Social mobilization and the networked public sphere: Mapping the SOPA-PIPA debate},
  author={Benkler, Yochai and Roberts, Hal and Faris, Robert and Solow-Niederman, Alicia and Etling, Bruce},
  journal={Berkman Center Research Publication},
  number={2013-16},
  year={2013}
}

@book{benkler2006wealth,
  title={The Wealth of Networks: How Social Production Transforms Markets and Freedom},
  author={Benkler, Y.},
  isbn={9780300125771},
  year={2006},
  publisher={Yale University Press}
}

@article{graeff2014battle,
  title={The battle for Trayvon Martin: Mapping a media controversy online and off-line},
  author={Graeff, Erhardt and Stempeck, M and Zuckerman, Ethan},
  journal={First Monday},
  url = {http://dx.doi.org/10.5210/fm.v19i2.4947},
  volume={19},
  number={2},
  year={2014}
}

@article{etling2014blogs,
  title={Blogs as an Alternative Public Sphere: The Role of Blogs, Mainstream Media, and TV in Russia's Media Ecology},
  author={Etling, Bruce and Roberts, Hal and Faris, Robert},
  journal={Berkman Center Research Publication},
  number={2014-8},
  year={2014}
}

@manual{facebook_graph_api,
title={Facebook Graph API},
year={2014},
url={https://developers.facebook.com/docs/graph-api},
urldate = {2014-07-08}
}

@online{about_media_cloud,
title={About Media Cloud},
url={http://mediacloud.org/about/},
urldate = {2014-07-08}
}

@online{about_controversy_mapper,
title={Controversy Mapper},
url={http://mediacloud.org/2014/05/11/controversy-mapper/},
date={2014-05-11},
urldate = {2014-07-08}
}

@online{fbiz_rolezinho_consumo,
title = {Rolezinho: 10 pontos para entender o fenômeno pela ótica da cultura e do consumo},
language = {Portuguese},
date = {2014-01-22},
url = {http://on.fb.me/1eTphBE},
urldate = {2014-07-07}
}

@thesis{abdalla_2014_rolezinho,
title = {Rolezinho pelo funk ostentação: um retrato da identidade do jovem da periferia paulistana},
type = {Master's thesis},
institution = {Fundação Getulio Vargas (FGV)},
year={2014},
language = {Portuguese},
url = {http://bibliotecadigital.fgv.br/dspace/handle/10438/11566},
urldate = {2014-07-07},
}

@inproceedings{cunha_2013_tapatrao,
title = {`Tá patrão': Reconfigurações do Funk Carioca no Youtube},
author = {Simone Evangelista Cunha},
booktitle = {VI Congresso de Estudantes de Pós-graduação em Comunicação},
year={2013},
language = {Portuguese},
organization = {UERJ},
url = {http://www.coneco.uff.br/sites/default/files/institucional/ta_patrao_reconfiguracoes_do_funk_carioca_no_youtube.pdf},
urldate = {2014-07-07},
}

@book{hallin1989uncensored,
  title={The Uncensored War: The Media and Vietnam},
  author={Hallin, D.C.},
  isbn={9780520065437},
  series={The American studies collection},
  year={1989},
  publisher={University of California Press}
}

@article{epoca_origem_rolezinho,
title = {A origem do rolezinho},
author = {Aline Ribeiro and Rafael Ciscati and Leandro Loyola and Aline Imercio},
subtitle = {Como começou a onda que se tornou o assunto do país, preocupa os governantes e provocou discussão até no Palácio do Planalto},
journaltitle = {Época},
date = {2014-01-13},
language = {Portuguese},
url = {http://epoca.globo.com/vida/noticia/2014/01/origem-bdo-rolezinhob.html},
urldate = {2014-07-07},
}

@article{epoca_salario_guime,
title = {MC de \enquote{funk ostentação} de SP faz maratona de até 50 shows por mês},
author = {Ortega, Rodrigo},
journaltitle = {Época},
date = {2013-05-14},
language = {Portuguese},
url = {http://g1.globo.com/musica/noticia/2013/05/mc-de-funk-ostentacao-de-sp-faz-maratona-de-ate-50-shows-por-mes.html},
urldate = {2014-07-20},
}

@article{epoca_aquino,
title = {O rolezão do verão},
author = {Aquino, Ruth de},
subtitle = {Rolezinho não é fenômeno político ou social, não é novidade. É um modismo da estação selvagem},
journaltitle = {Época},
date = {2014-01-17},
language = {Portuguese},
url = {http://epoca.globo.com/colunas-e-blogs/ruth-de-aquino/noticia/2014/01/bo-rolezaob-do-verao.html},
urldate = {2014-07-18},
}



@article{veja_facebook_brasil,
title = {Facebook alcança marca de 76 milhões de usuários no Brasil},
author = {Rafael Sbarai},
journaltitle = {Veja},
date = {2013-07-30},
language = {Portuguese},
url = {http://veja.abril.com.br/noticia/vida-digital/facebook-alcanca-marca-de-76-milhoes-de-usuarios-no-brasil},
urldate = {2014-07-08},
}

@article{brasileconomico_facebook_brasil,
title = {O Brasil, com 68,1 milhões de usuários, é quinto país em número de internautas},
author = {Nelson Vasconcelos},
journaltitle = {Brasil Econômico},
date = {2014-06-03},
language = {Portuguese},
url = {http://brasileconomico.ig.com.br/tecnologia/coluna-nelson/2014-06-03/o-brasil-com-681-milhoes-de-usuarios-e-quinto-pais-em-numero-de-internautas.html},
urldate = {2014-07-08},
}

@article{estado_rolezinho_leblon,
title = {Quatro mil confirman `rolezinho' no Shopping Leblon},
subtitle = {Cariocas marcam ato para domingo, 19, `em apoio à galera em São Paulo'},
journaltitle = {O Estado de S. Paulo},
date = {2014-01-13},
language = {Portuguese},
url = {http://www.estadao.com.br/noticias/geral,quatro-mil-confirmam-rolezinho-no-shopping-leblon-no-rio,1117942},
urldate = {2014-07-07},
}

@article{brasildefato_pochman,
author = {Desidério, Mariana},
title = {\enquote{Pobres são os que mais pagam impostos no Brasil}},
journaltitle = {Brasil de Fato},
date = {2014-02-20},
language = {Portuguese},
url = {http://www.brasildefato.com.br/node/27525},
urldate = {2014-07-07},
}


@article{folha_rolezinho_leblon,
title = {Cariocas marcam `rolezinho' no Leblon em apoio a jovens de São Paulo},
journaltitle = {Folha de S. Paulo},
date = {2014-01-13},
language = {Portuguese},
url = {http://folha.com/no1397025},
urldate = {2014-07-07},
}

@article{folha_pm_shopping,
author = {Gama, Paulo and Barbosa, Mariana},
title = {Após \enquote{rolezinhos}, lojistas pedem PM em shoppings},
journaltitle = {Folha de S. Paulo},
date = {2013-12-27},
language = {Portuguese},
url = {http://folha.com/no1390531},
urldate = {2014-07-18},
}


@article{nyt_rolezinhos,
author = {Romero, Simon},
title = {Brazil's Latest Clash With Its Urban Youth Takes Place at the Mall},
journaltitle = {The New York Times},
date = {2014-01-19},
url = {http://nyti.ms/1cJPmjV},
urldate = {2014-07-18}
}

@article{estadao_nyt,
author = {Romero, Simon},
title = {Choque mais recente do Brasil com juventude urbana ocorre em shoppings},
date = {2014-01-20},
journaltitle = {O Estado de S. Paulo},
language = {Portuguese},
urldate = {2014-07-18},
url = {http://sao-paulo.estadao.com.br/noticias/geral,choque-mais-recente-do-brasil-com-juventude-urbana-ocorre-em-shoppings,1120757},
}

@article{folha_ombudsman,
author = {Singer, Suzana},
title = {Enrolados},
journaltitle = {Folha de S. Paulo},
date = {2014-01-19},
language = {Portuguese},
url = {http://folha.com/no1399719},
urldate = {2014-07-18},
}

@article{folha_semteto,
title = {Com medo dos `rolezões' de sem-teto, dois shoppings de SP fecham as portas},
journaltitle = {Folha de S. Paulo},
date = {2014-01-16},
language = {Portuguese},
url = {http://folha.com/no1398590},
urldate = {2014-07-07},
}

@article{folha_ministra_reacaobrancos,
author = {Bernardo Mello Franco},
title = {Medo de `rolezinho' é reação de brancos, diz ministra},
journaltitle = {Folha de S. Paulo},
date = {2014-01-16},
language = {Portuguese},
url = {http://folha.com/no1398312},
urldate = {2014-07-07},
}

@article{atarde_rolezinho_salvador,
author = {Thaís Seixas},
title = {Soteropolitanos marcam ``rolezinho'' em shopping da capital},
journaltitle = {A Tarde},
date = {2014-01-15},
language = {Portuguese},
url = {http://atarde.uol.com.br/materias/1561654},
urldate = {2014-07-07},
}

@article{opovo_rolezinho_fortaleza,
title = {``Rolezinho'' em shopping de Fortaleza está marcado para o fim do mês},
journaltitle = {O Povo},
date = {2014-01-15},
language = {Portuguese},
url = {http://www.opovo.com.br/app/fortaleza/2014/01/15/noticiafortaleza,3191290/},
urldate = {2014-07-07},
}

@article{veja_rolezinho_passeata,
author = {Mariana Zylberkan},
title = {`Rolezinho' ganha tom político e vira passeata},
journaltitle = {Veja},
date = {2014-01-15},
language = {Portuguese},
url = {http://veja.abril.com.br/noticia/brasil/rolezinho-ganha-tom-politico-e-vira-passeata},
urldate = {2014-07-07},
}

@article{estado_rolezinho_oposicao,
author = {Fábio Guibu and Tânia Monteiro and Vera Rosa},
title = {Dilma já usa `rolezinho' contra oposição},
journaltitle = {O Estado de S. Paulo},
date = {2014-01-17},
language = {Portuguese},
url = {http://www.estadao.com.br/noticias/cidades,dilma-ja-usa-rolezinho-contra-a-oposicao,1119348,0.htm},
urldate = {2014-07-07},
}

@article{folha_protesto_jk,
title = {
`Rolezinho protesto' faz shopping de área nobre fechar portas em SP},
journaltitle = {Folha de S. Paulo},
date = {2014-01-18},
language = {Portuguese},
url = {http://folha.com/no1399646},
urldate = {2014-07-07},
}

@article{bhaz_rolezinho_estacao,
author = {Laura Soares},
title = {Jovens marcam ``rolézinho'' em shopping na região Centro-Sul de Belo Horizonte; assunto causa polêmica nas redes sociais},
journaltitle = {Bhaz},
date = {2014-01-15},
language = {Portuguese},
url = {http://www.bhaz.com.br/jovens-marcam-por-meio-de-redes-sociais-rolezinhos-nos-shoppings-da-capital/},
urldate = {2014-07-07},
}

@article{londrina_rolezinho,
author = {Guilherme Batista},
title = {Evento no Facebook convoca para `rolezinho' no Catuaí},
journaltitle = {Bonde},
date = {2014-01-20},
language = {Portuguese},
url = {http://www.bonde.com.br/?id_bonde=1-3--756-20140120},
urldate = {2014-07-07},
}

@article{campogrande_rolezinho,
author = {Ângela Kempfer and Kleber Clajus},
title = {Grupo com 17 adolescentes é detido por ``bagunça'' dentro do Shopping},
journaltitle = {Campo Grande News},
date = {2014-01-26},
language = {Portuguese},
url = {http://www.campograndenews.com.br/cidades/capital/grupo-com-17-adolescentes-e-detido-por-bagunca-dentro-do-shopping},
urldate = {2014-07-07},
}

@article{folha_jovem_acorrentado,
author = {Diana Brito},
title = {Adolescente é agredido a pauladas e acorrentado nu a poste no Rio},
journaltitle = {Folha de S. Paulo},
date = {2014-02-04},
language = {Portuguese},
url = {http://folha.com/no1407239},
urldate = {2014-07-07},
}

@article{g1_jovem_acorrentado,
title = {Adolescente é espancado e preso nu a poste no Flamengo, no Rio},
journaltitle = {G1},
date = {2014-02-03},
language = {Portuguese},
url = {http://g1.globo.com/rio-de-janeiro/noticia/2014/02/adolescente-e-espancado-e-preso-nu-poste-no-flamengo-no-rio.html},
urldate = {2014-07-07},
}

@article{beguoci_rolezinhos,
title = {Rolezinho e a desumanização dos pobres},
author = {Beguoci, Leandro},
journaltitle = {Oene},
date = {2014-01-14},
language = {Portuguese},
url = {http://www.oene.com.br/rolezinho-e-desumanizacao-dos-pobres},
urldate = {2014-07-14},
}

@online{oene_sobre,
title = {Sobre nós},
language = {Portuguese},
organization = {Oene},
url = {http://www.oene.com.br/sobre},
urldate = {2014-07-18},
}

@article{g1_cinegrafista,
author = {Daniel Silveira},
title = {Cinegrafista é ferido na cabeça em manifestação no Centro do Rio},
journaltitle = {G1},
date = {2014-02-06},
language = {Portuguese},
url = {http://g1.globo.com/rio-de-janeiro/noticia/2014/02/cinegrafista-e-ferido-na-cabeca-em-manifestacao-no-centro-do-rio.html},
urldate = {2014-07-07},
}

@article{folha_cinegrafista,
title = {Cinegrafista da Band é ferido durante confronto no centro do Rio},
journaltitle = {Folha de S. Paulo},
date = {2014-02-06},
language = {Portuguese},
url = {http://folha.com/no1408684},
urldate = {2014-07-07},
}

@article{folha_associacao_prefeitura,
author = {Ana Krepp},
title = {Jovens dos `rolezinhos' vão ajudar prefeitura a organizar bailes de rua},
journaltitle = {Folha de S. Paulo},
date = {2014-02-13},
language = {Portuguese},
url = {http://folha.com/no1411828},
urldate = {2014-07-07},
}

@article{folha_alshop_organizacao,
title = {Associação de shoppings quer assumir organização de rolezinhos},
url = {http://folha.com/no1417557},
journaltitle = {Folha de S. Paulo},
date = {2014-02-25},
language = {Portuguese},
urldate = {2014-07-18}
}

@article{folha_reuniao_shoppings,
title = {Jovens e shoppings de SP discutirão \enquote{rolezinhos} caso a caso},
journaltitle = {Folha de S. Paulo},
date = {2014-01-29},
language = {Portuguese},
url = {http://folha.com/no1404597},
urldate = {2014-07-14},
}

@article{g1_associacao_prefeitura,
author = {Tatiana Santiago},
title = {Jovens marcam `rolezinho' no Ibirapuera com apoio da Prefeitura},
journaltitle = {G1},
date = {2014-02-13},
language = {Portuguese},
url = {http://g1.globo.com/sao-paulo/noticia/2014/02/jovens-marcam-rolezinho-no-ibirapuera-com-apoio-da-prefeitura.html},
urldate = {2014-07-07},
}

@article{folha_rolezinho_ibirapuera,
author = {Ana Krepp},
title = {Jovens se reúnem em rolezinho no parque Ibirapuera},
journaltitle = {Folha de S. Paulo},
date = {2014-02-15},
language = {Portuguese},
url = {http://folha.com/no1412975},
urldate = {2014-07-07},
}

@article{g1_mp_shoppings,
author = {Pâmela Kometani},
title = {Ministério Público vai tentar com shoppings autorização de `rolezinhos'},
journaltitle = {G1},
date = {2014-02-15},
language = {Portuguese},
url = {http://g1.globo.com/sao-paulo/noticia/2014/02/ministerio-publico-vai-se-reunir-com-shoppings-para-autorizar-rolezinhos.html},
urldate = {2014-07-07},
}

@incollection{gamson1983political,
  title = {The Political Culture of Social Welfare Policy},
  author = {Gamson, William A. and Lasch, Kathryn Eilene},
  year = {1983},
  booktitle = {Evaluating the Welfare State: Social and Political Perspectives},
  pages = {397--415},
  editor = {Shimon E. Spiro and Ephraim Yuchtman-Yaar},
  url = {http://hdl.handle.net/2027.42/50995},
  publisher = {Elsevier Inc.}
}

@book{gramsci1975quaderni,
  author = {Gramsci, Antonio},
  title = {Quaderni del Carcere},
  editor = {Gerratana, Valentino},
  year = {1975},
  language = {Italian},
  url = {http://www.gramscisource.org/},
  urldate = {2014-07-06}
}

@article {carragee2004neglect,
author = {Carragee, Kevin M. and Roefs, Wim},
title = {The Neglect of Power in Recent Framing Research},
journaltitle = {Journal of Communication},
volume = {54},
number = {2},
publisher = {Blackwell Publishing Ltd},
issn = {1460-2466},
url = {http://dx.doi.org/10.1111/j.1460-2466.2004.tb02625.x},
doi = {10.1111/j.1460-2466.2004.tb02625.x},
pages = {214--233},
year = {2004},
}

@article{matthes2009what,
author = {Matthes, Jörg}, 
title = {What's in a Frame? A Content Analysis of Media Framing Studies in the World's Leading Communication Journals, 1990-2005},
volume = {86}, 
number = {2}, 
pages = {349-367}, 
year = {2009}, 
doi = {10.1177/107769900908600206}, 
URL = {http://jmq.sagepub.com/content/86/2/349.abstract}, 
eprint = {http://jmq.sagepub.com/content/86/2/349.full.pdf+html}, 
journaltitle = {Journalism \& Mass Communication Quarterly} 
}

@article{price1997switching,
author = {Price, Vincent and Tewksbury, David and Powers, Elizabeth}, 
title = {Switching Trains of Thought: The Impact of News Frames on Readers' Cognitive Responses},
volume = {24}, 
number = {5}, 
pages = {481-506}, 
year = {1997}, 
URL = {http://crx.sagepub.com/content/24/5/481.abstract}, 
journaltitle = {Communication Research} 
}

@Book{ nagel1975power,
author = { Nagel, Jack H. },
title = { The descriptive analysis of power },
isbn = { 0300017294 },
publisher = { Yale University Press },
year = { 1975 },
}

@incollection{price1997news,
author = {Price, Vincent and Tewksbury, David},
title = {News values and public opinion: A theoretical account of media priming and framing},
booktitle = {Progress in Communication Sciences: Advances in Persuasion},
volume = {13},
pages = {173--212},
editor = {Barnett, G. and Boster, F.J.},
isbn = {9781567502770},
url = {http://books.google.com/books?id=k2CfN6lrxh8C},
year = {1997},
publisher = {Ablex Publ.}
}

@article {scheufele2007framing,
author = {Scheufele, Dietram A. and Tewksbury, David},
title = {Framing, Agenda Setting, and Priming: The Evolution of Three Media Effects Models},
journaltitle = {Journal of Communication},
volume = {57},
number = {1},
publisher = {Blackwell Publishing Inc},
issn = {1460-2466},
url = {http://dx.doi.org/10.1111/j.0021-9916.2007.00326.x},
doi = {10.1111/j.0021-9916.2007.00326.x},
pages = {9--20},
year = {2007}
}


@article{mccombs1997candidate,
  title={Candidate images in Spanish elections: Second-level agenda-setting effects},
  author={McCombs, Maxwell and Llamas, Juan Pablo and Lopez-Escobar, Esteban and Rey, Federico},
  journal={Journalism \& Mass Communication Quarterly},
  volume={74},
  number={4},
  pages={703--717},
  year={1997},
  publisher={SAGE Publications}
}

@article{iyengar1982experimental,
  title={Experimental demonstrations of the ``not-so-minimal'' consequences of television news programs},
  author={Iyengar, Shanto and Peters, Mark and Kinder, Donald},
  journal={The American Political Science Review},
  volume={76},
  number={4},
  pages={848--858},
  year={1982},
  publisher={JSTOR}
}

@book{cohen1965press,
  title={The Press and Foreign Policy},
  author={Cohen, Bernard Cecil},
  series={Princeton paperbacks},
  url={http://books.google.com/books?id=s5ogAQAAMAAJ},
  year={1965},
  publisher={Princeton University Press}
}

@article{mccombs1972agenda,
  title={The agenda-setting function of mass media},
  author={McCombs, Maxwell and Shaw, Donald},
  journal={Public Opinion Quarterly},
  volume={36},
  number={2},
  pages={176--187},
  year={1972},
  publisher={AAPOR}
}

@book{lasswell1950politics,
  title={Politics: Who gets what, when, how},
  author={Lasswell, Harold Dwight},
  year={1950},
  publisher={P. Smith New York}
}

@article {entman2007framing,
author = {Entman, Robert M.},
title = {Framing Bias: Media in the Distribution of Power},
journaltitle = {Journal of Communication},
volume = {57},
number = {1},
publisher = {Blackwell Publishing Inc},
issn = {1460-2466},
url = {http://dx.doi.org/10.1111/j.1460-2466.2006.00336.x},
doi = {10.1111/j.1460-2466.2006.00336.x},
pages = {163--173},
year = {2007},
}

@article{garrison1994changing,
  title={The changing culture of affirmative action},
  author={Garrison, William A and Modigliani, Andre},
  journal={Equal employment opportunity: labor market discrimination and public policy},
  pages={373},
  year={1994},
  publisher={Transaction Publishers}
}

@article{entman1993framing,
  title={Framing: Toward clarification of a fractured paradigm},
  author={Entman, Robert M},
  journal={Journal of Communication},
  volume={43},
  number={4},
  pages={51--58},
  year={1993},
  publisher={Wiley Online Library}
}

@article{edelman1993contestable,
  title={Contestable categories and public opinion},
  author={Edelman, Murray},
  journal={Political communication},
  volume={10},
  number={3},
  pages={231--242},
  year={1993},
  publisher={Taylor \& Francis}
}

@article{tversky1981framing,
  title={The framing of decisions and the psychology of choice},
  author={Tversky, Amos and Kahneman, Daniel},
  journal={Science},
  volume={211},
  number={4481},
  pages={453--458},
  year={1981},
  publisher={American Association for the Advancement of Science}
}

@book{gitlin1980whole,
  title={The Whole World is Watching: Mass Media in the Making and Unmaking of the New Left},
  author={Gitlin, Todd},
  urldate = {2014-07-04},
  year={1980},
  publisher={University of California Press}
}

@book{goffman1986frame,
  title={Frame Analysis: An Essay on the Organization of Experience},
  author={Goffman, Erving},
  year={1986},
  publisher={Northeastern},
  url = {http://www.scribd.com/doc/36584574/Erving-Goffman-Frame-Analysis},
  urldate = {2014-07-04}
}

@article{band_arrastao_itaquera,
title = {Baile funk com 6 mil jovens fecha shopping em SP},
subtitle = {Centro comercial da zona leste chamou a polícia depois que grupo se exaltou; atividades foram encerradas mais cedo},
journaltitle = {Band.com.br},
date = {2013-12-07},
language = {Portuguese},
url = {http://noticias.band.uol.com.br/cidades/noticia/100000649830/Encontro-de-6-mil-jovens-fecha-shopping-em-SP.html},
urldate = {2014-06-21},
}

@article{agora_arrastao_itaquera,
author = {Ana P. Campos and William Cardoso and Josmar Jozino},
title = {Adolescentes fazem arrastão no Shopping Metrô Itaquera},
journaltitle = {Agora São Paulo},
date = {2013-12-08},
language = {Portuguese},
url = {http://www.agora.uol.com.br/saopaulo/2013/12/1382586-adolescentes-fazem-arrastao-no-shopping-metro-itaquera.shtml},
urldate = {2014-06-21},
}

@article{folha_vinicius,
author = {Freire, Vinicius Torres},
title = {Um rolê pelo rolezinho},
journaltitle = {Folha de S. Paulo},
date = {2014-01-14},
language = {Portuguese},
url = {http://www1.folha.uol.com.br/fsp/mercado/147638-um-role-pelo-rolezinho.shtml},
urldate = {2014-07-18}
}

@article{folha_arrastao_itaquera,
title = {Jovens marcam encontro pela internet e causam tumulto em shopping em SP},
journaltitle = {Folha de S. Paulo},
date = {2013-12-08},
language = {Portuguese},
url = {http://www1.folha.uol.com.br/cotidiano/2013/12/1382637-shopping-em-sp-sofre-arrastao-apos-6000-jovens-invadirem-o-local.shtml},
urldate = {2014-06-21},
}

@article{folha_rolezinho_USP,
title = {Alunos da USP fazem `rolezinho' em shopping sem serem abordados},
journaltitle = {Folha de S. Paulo},
author = {Turollo Jr., Reynaldo},
date = {2014-01-21},
language = {Portuguese},
url = {http://folha.com/no1400524},
urldate = {2014-07-14},
}



@article{folha_jovens_fas,
title = {`Rolezinhos' surgiram com jovens da periferia e seus fãs},
journaltitle = {Folha de S. Paulo},
author = {Krepp, Ana},
date = {2014-01-15},
language = {Portuguese},
url = {http://folha.com/no1397831},
urldate = {2014-07-14},
}

@article{folha_shoppings_rolezodromos,
title = {Lojistas querem que Estado construa `rolezódromos' em SP},
journaltitle = {Folha de S. Paulo},
date = {2014-01-22},
language = {Portuguese},
url = {http://folha.com/no1401107},
urldate = {2014-07-14},
}

@article{jornaldejundiai,
title = {Jovens marcam ``rolezinho'' no Maxi Shoppping},
journaltitle = {Jornal da Região},
date = {2014-01-17},
language = {Portuguese},
url = {http://jrjundiai.com/jornaldaregiao/jovens-marcam-rolezinho-maxi-shopping/},
urldate = {2014-07-14},
}

@article{folha_erramos_arrastao_itaquera,
title = {Jovens marcam encontro pela internet e causam tumulto em shopping em SP},
journaltitle = {Folha de S. Paulo},
date = {2013-12-09},
language = {Portuguese},
url = {http://folha.com/no1382975},
urldate = {2014-06-22},
}

@article{folha_datafolha,
author = {Leite, Marcelo},
title = {82\% dos paulistanos são contra `rolezinho'},
journaltitle = {Folha de S. Paulo},
date = {2014-01-23},
language = {Portuguese},
url = {http://folha.com/no1401561},
urldate = {2014-06-22},
}

@article{blogdacidadania,
author = {Guimarães, Eduardo},
title = {O direito constitucional de dar um rolé},
journaltitle = {Blog da Cidadania},
date = {2014-01-12},
language = {Portuguese},
url = {http://www.blogdacidadania.com.br/2014/01/o-direito-constitucional-de-dar-um-role/},
urldate = {2014-07-14},
}

@article{g1_arrastao_itaquera,
title = {Seis mil jovens vão a shopping, e lojas são obrigadas a fechar mais cedo},
subtitle = {Encontro no Shopping Metrô Itaquera foi marcado pela internet. Para shopping, não houve arrastão; PM diz que loja foi roubada.},
journaltitle = {G1},
date = {2013-12-08},
language = {Portuguese},
url = {http://g1.globo.com/sao-paulo/noticia/2013/12/seis-mil-jovens-vao-shopping-e-lojas-sao-obrigadas-fechar-mais-cedo.html},
urldate = {2014-06-21},
}

@article{terra_arrastao_itaquera,
title = {Shopping paulista fecha mais cedo após invasão de 6 mil jovens em baile funk},
journaltitle = {Terra},
date = {2013-12-08},
language = {Portuguese},
url = {http://bit.ly/terrarolezinho},
urldate = {2014-06-21},
}

@article{revista_bula,
author = {Vêncio, Eberth},
title = {Que tal um rolezinho na biblioteca?},
journaltitle = {Revista Bula},
date = {2014-01-18},
language = {Portuguese},
url = {http://www.revistabula.com/1921-que-tal-um-rolezinho-na-biblioteca/},
urldate = {2014-07-14},
}

@article{terra_rolezeiros_ujs,
title = {SP: organizadores de rolezinhos se filiam à União da Juventude Socialista},
journaltitle = {Terra},
date = {2014-01-30},
language = {Portuguese},
url = {http://bit.ly/ujs2014},
urldate = {2014-07-14},
}

@article{terra_liminares,
title = {SP: shopping de luxo obtém liminar para barrar \enquote{rolezinho}},
journaltitle = {Terra},
date = {2014-01-11},
language = {Portuguese},
url = {http://bit.ly/deluxo2014},
urldate = {2014-07-14},
}

@article{estado_arrastao_itaquera,
author = {Laura Maia Castro},
title = {Cerca de 6 mil jovens tumultuam shopping na zona leste de SP},
journaltitle = {O Estado de S. Paulo},
date = {2013-12-08},
language = {Portuguese},
url = {http://sao-paulo.estadao.com.br/noticias/geral,cerca-de-6-mil-jovens-tumultuam-shopping-na-zona-leste-de-sp,1105914},
urldate = {2014-06-21},
}

@article{diariocomercio_arrastao,
title = {Jovens fazem arrastão em shopping de Guarulhos},
url={http://www.dcomercio.com.br/2013/12/14/jovens-fazem-arrastao-em-shopping-de-guarulhos},
language = {Portuguese},
journaltitle = {Diário do Comércio},
date = {2013-12-14},
urldate = {2014-07-18},
}

@article{veja_arrastao_itaquera,
author = {Marcus Oliveira},
title = {Vídeo mostra confusão durante arrastão no Shopping Metrô Itaquera},
subtitle = {Mais de 6 000 jovens se reuniram no estacionamento do local na noite de sábado; adolescente posta foto de um possível saque realizado em uma loja de tênis},
journaltitle = {Veja São Paulo},
date = {2013-12-08},
language = {Portuguese},
url = {http://vejasp.abril.com.br/materia/shopping-metro-itaquera-arrastao-video},
urldate = {2014-06-21},
}

@article{maria_fro,
author = {{Maria Frô}},
title = {A classe C da Era Lula vai ao shopping, a burguesia reage e a PM capitão do mato faz o serviço sob a proteção da Justiça!},
journaltitle = {Maria Frô},
date = {2014-01-13},
language = {Portuguese},
url = {http://mariafro.com/2014/01/13/a-classe-c-da-era-lula-vai-ao-shopping-a-burguesia-reage-e-a-pm-capitao-do-mato-faz-o-servico-sob-a-protecao-da-justica/},
urldate = {2014-07-14},
}

@article{diegoquinteiro,
author = {Quinteiro, Diego M},
title = {Rolezinho},
journaltitle = {diegoquinteiro},
date = {2014-01-12},
language = {Portuguese},
url = {http://diegoquinteiro.com/rolezinho/},
urldate = {2014-07-14},
}

@online{documentario_2000,
author = {Ribeiro, Vinicius},
title = {Documentário ``Eu só quero conhecer o Shopping'' (filmado no ano 2000) e o ``Rolezinho'' hoje},
date = {2014-01-15},
language = {Portuguese},
url = {https://www.causes.com/posts/893230-documentario-eu-so-quero-conhecer-o-shopping-filmado-no-ano-2000-e-o-rolezinho-hoje},
urldate = {2014-07-14}
}

@online{facebook_2013-11-30,
author = {Felipe Fernandes},
title = {Vuk no Shopping Itaquera},
date = {2013-11-24},
url = {https://www.facebook.com/events/505747016190722},
language = {Portuguese},
note = {Facebook event},
urldate = {2014-06-21},
}

@online{facebook_2013-12-07,
author = {Giovanna Mohammed},
title = {
Rooleeê do Shopping Itaquera! Part 2 (Junta Tudo)},
date = {2013-12-04},
url = {https://www.facebook.com/events/185177038344026},
language = {Portuguese},
note = {Facebook event},
urldate = {2014-06-21},
}

@online{forum_jogos_uol,
title = {hoje aqui no shop itaquera},
url = {http://forum.jogos.uol.com.br/hoje-aqui-no-shop-itaquera_t_2833606},
date = {2013-12-07},
urldate = {2014-07-17},
language = {Portuguese},
note = {Posts in a game forum}
}

@online{twitter_arrastao_itaquera,
author = {{Núcleo Multimídia - O Estado de S. Paulo}},
title = {Seis mil jovens causam tumulto no Shopping Metrô Itaquera, na zona leste},
subtitle = {Repercussão nas redes sociais},
date = {2013-12-08},
url = {https://storify.com/nucleomultimia/seis-mil-jovens-causam-tumulto-em-shopping},
language = {Portuguese},
note = {Tweets in a Storify article},
urldate = {2014-06-22},
}

@online{twitter_picanha_catupiry,
author = {Barem, Manu},
title = {O dia em que uma pizza de picanha com Catupiry virou símbolo de luta de classes},
organization = {youPIX},
language = {Portuguese},
url = {http://youpix.virgula.uol.com.br/redes-sociais-2/picanha-catupiry/},
urldate = {2014-07-17}
}

@online{facebook_nota_metro_itaquera,
author = "{Shopping Metrô Itaquera}",
title = {Nota Oficial},
date = {2013-12-07},
url = {https://www.facebook.com/permalink.php?story_fbid=513055502125705&id=110111982420061},
language = {Portuguese},
note = {Facebook post},
urldate = {2014-06-21},
}

@online{youtube_arrastao,
title = {Arrastão na Praia de Ipanema, 1992},
date = {1992},
url = {http://youtu.be/5lgX1ph7DoI},
urldate = {2014-07-14},
language = {Portuguese},
note = {YouTube video},
organization = {Jornal Nacional -- Rede Globo}
}

@online{youtube_daleste,
title = {São Paulo},
author = {{MC Daleste}},
date = {2013-07-14},
url = {http://youtu.be/jk_T3I95d6s},
urldate = {2014-07-27},
language = {Portuguese},
note = {YouTube video}
}

@online{youtube_guime,
title = {Na Pista Eu Arraso},
author = {{MC Guime}},
date = {2013-05-23},
url = {http://youtu.be/O4t94cFV7zM},
urldate = {2014-07-27},
language = {Portuguese},
note = {YouTube video}
}

@online{youtube_charmes,
title = {Embarque na Nave},
author = {{MC Boy do Charmes}},
date = {2013-11-04},
url = {http://youtu.be/-cdujdfJpRU},
urldate = {2014-07-27},
language = {Portuguese},
note = {YouTube video}
}

@online{youtube_beguoci,
title = {Programa exibido em 17/01/14},
date = {2014-01-17},
url = {http://youtu.be/PfR1b1M0FUw},
urldate = {2014-07-18},
language = {Portuguese},
note = {YouTube video},
organization = {TV Cultura -- Metrópolis}
}

@online{youtube_ruthcardoso,
title = {Rolezinho: diversão ou baderna?},
date = {2014-02-13},
url = {http://youtu.be/6HjNrAD6vaY},
urldate = {2014-07-18},
language = {Portuguese},
note = {YouTube video},
organization = {Centro Ruth Cardoso}
}

@online{wayback_arrastao,
title = {Adolescentes fazem arrastão e shopping fecha mais cedo em SP},
date = {2013-12-08},
organization = {Internet Archive},
url = {https://web.archive.org/web/20131208164412/http://www1.folha.uol.com.br/cotidiano/2013/12/1382637-shopping-em-sp-sofre-arrastao-apos-6000-jovens-invadirem-o-local.shtml},
urldate = {2014-07-17},
language = {Portuguese},
note = {Wayback Machine snapshot}
}

@article{portal_imprensa_caue_moura,
author = {Carvalho, Lucas},
journaltitle = {Portal Imprensa},
title = {Sucesso no YouTube, Cauê Moura fala sobre comunicação com jovens na era digital},
date = {2014-01-21},
language = {Portuguese},
url = {http://www.portalimprensa.com.br/noticias/ultimas_noticias/63450/sucesso+no+youtube+caue+moura+fala+sobre+comunicacao+com+jovens+na+era+digital},
urldate = {2014-07-18}
}


@article{editorial_globo,
author = {Carvalho, Lucas},
journaltitle = {O Globo},
title = {Rolezinho e Manipulações},
date = {2014-01-21},
url = {http://bit.ly/globorole},
urldate = {2014-07-18},
language = {Portuguese}
}

@article{rba_fea,
author = {Sartorato, Diego},
journaltitle = {Rede Brasil Atual (RBA)},
title = {Shopping barra jovens da periferia, mas libera \enquote{rolezinho} de alunos da USP},
date = {2014-01-13},
url = {http://www.redebrasilatual.com.br/cidadania/2014/01/shopping-que-proibiu-rolezinho-acata-invasao-de-alunos-da-usp-4719.html},
urldate = {2014-07-18}
}

@online{altamiro_fea,
organization = {Blog do Miro},
title = {\enquote{Rolezinho} dos alunos da USP! Pode?},
date = {2014-01-13},
url = {http://altamiroborges.blogspot.com.br/2014/01/rolezinho-dos-alunos-da-usp-pode.html},
note = {Blog post},
language = {Portuguese},
urldate = {2014-07-18}
}

@online{brasil247_fea,
organization = {Brasil 24/7},
title = {Rodrigo Constantino: símbolo de uma elite podre},
author = {Amaral, Cadu},
date = {2014-01-17},
url = {http://www.brasil247.com/pt/247/artigos/127283/Rodrigo-Constantino-s%C3%ADmbolo-de-uma-elite-podre.htm},
language = {Portuguese},
urldate = {2014-07-18}
}

@online{elite_podre,
organization = {Brasil 24/7},
title = {Apartheid: shopping libera rolezinho de alunos da USP},
date = {2014-01-13},
url = {http://www.brasil247.com/pt/247/sp247/126797/Apartheid-shopping-libera-rolezinho-de-alunos-da-USP.htm},
language = {Portuguese},
urldate = {2014-07-18}
}

@online{facebook_fea,
organization = {CAVC FEA USP},
title = {O \enquote{rolezinho} e o Eldorado},
date = {2014-01-15},
note = {Facebook post},
url = {http://bit.ly/cavc2014},
language = {Portuguese},
urldate = {2014-07-18}
}

@article{vitoria_arrastao,
author = {Miranda, Jaider},
title = {Confusão no Shopping Vitória deixa clientes em pânico},
date = {2013-11-30},
journaltitle = {A Gazeta},
language = {Portuguese},
url = {http://gazetaonline.globo.com/_conteudo/2013/11/noticias/cidades/1470338-confusao-no-shopping-vitoria-deixa-clientes-em-panico.html},
urldate = {2014-07-17}
}

@article{npr_arrastao,
author = {Garcia-Navarro, Lourdes},
title = {Swarming Thieves Wreak Havoc On Famed Rio Beaches},
date = {2013-11-27},
journaltitle = {NPR},
url = {http://www.npr.org/blogs/parallels/2013/12/02/247357353/swarming-thieves-wreak-havoc-on-famed-rio-beaches},
urldate = {2014-07-17}
}



@online{youtube_caue_moura,
title = {Rolezinho - Desce a letra},
author = {Cauê Moura},
date = {2014-01-13},
url = {http://youtu.be/X7LtIRj9v68},
language = {Portuguese},
note = {YouTube video},
urldate = {2014-07-14}
}

@online{hitler_rolezinhos,
title = {Hitler descobre a verdade sobre os rolezinhos nos shoppings},
author = {Nogueira, Kiko},
date = {2014-01-13},
url = {http://www.diariodocentrodomundo.com.br/hitler-descobre-a-verdade-sobre-os-rolezinhos-nos-shoppings/},
language = {Portuguese},
urldate = {2014-07-14}
}

@online{diva_rolezeiras,
title = {Vale a pena ver de novo: os melhores momentos do vídeo das rolezeiras},
date = {2014-01-22},
url = {http://divadepressao.blog.br/vale-pena-ver-de-novo-os-melhores-momentos-video-das-rolezeiras/},
language = {Portuguese},
urldate = {2014-07-14}
}

@online{youtube_pcsiqueira,
title = {Rolezinho e Avril Lavigne},
author = {{PC Siqueira}},
date = {2014-01-15},
url = {http://youtu.be/xk9b5lhSuRs},
language = {Portuguese},
note = {YouTube video},
urldate = {2014-07-14}
}

@online{pha,
title = {Folha convoca e organiza os rolês},
author = {Amorim, Paulo H.},
date = {2014-01-14},
url = {http://youtu.be/jt350jivrWE},
language = {Portuguese},
note = {YouTube video},
urldate = {2014-07-14}
}

@online{youtube_fea_usp,
title = {FEA USP no Eldorado},
author = {Theodosio, Bruno Miller},
date = {2011-02-21},
url = {http://youtu.be/nGHvq_pCMGU},
language = {Portuguese},
note = {YouTube video},
urldate = {2014-07-14}
}

@online{luciano_ayan,
author = {Ayan, Luciano Henrique},
title = {Sakamoto e os rolezinhos OU Mais uma evidência de que a extrema-esquerda odeia os pobres honestos},
date = {2013-12-19},
url = {http://lucianoayan.com/2013/12/19/sakamoto-e-os-rolezinhos-ou-mais-uma-evidencia-de-que-a-extrema-esquerda-odeia-os-pobres-honestos/},
note = {Blog post},
urldate = {2014-07-18}
}

@article{uol_grifes,
title = {Marcas de grife têm vergonha de seus clientes mais pobres, diz Data Popular},
author = {Neumam, Camila},
journaltitle = {UOL -- Economia},
date = {2014-02-03},
url = {http://economia.uol.com.br/noticias/redacao/2014/02/03/marcas-de-grife-tem-vergonha-de-clientes-mais-pobres-diz-data-popular.htm},
language = {Portuguese},
urldate = {2014-07-14}
}

@article{uol_fea,
title = {Alunos da FEA-USP fazem \enquote{rolezinho} em shopping desde 2007},
author = {Souza, Marcelle},
journaltitle = {UOL -- Educação},
date = {2014-01-18},
url = {http://bit.ly/uolfea},
language = {Portuguese},
urldate = {2014-07-18}
}

@article{neder,
title = {Rolezinhos, Black Blocs e participação popular},
author = {Neder, Carlos},
journaltitle = {Agência de Notícias - Assembleia Legislativa do Estado de São Paulo},
date = {2014-01-29},
url = {http://www.al.sp.gov.br/noticia/?id=355028},
language = {Portuguese},
urldate = {2014-07-14}
}

@online{quadrado_loucos,
author = {Cava, Bruno},
title = {Rolezinho é ação afirmativa contra racismo},
urldate = {2014-07-17},
organization = {Quadrado dos Loucos},
url = {http://www.quadradodosloucos.com.br/3994/rolezinho-e-acao-afirmativa-contra-racismo/},
date = {2013-12-16}
}

@article{sakamoto_rolezinho,
title = {Rolezinho: os shoppings centers oferecem aos paulistanos realidade virtual},
author = {Sakamoto, Leonardo},
journaltitle = {Blog do Sakamoto},
date = {2013-12-16},
url = {http://bit.ly/saka2013},
language = {Portuguese},
urldate = {2014-07-14}
}



@article{veto_consagra_apartheid,
title= {Veto a rolezinho consagra o apartheid brasileiro},
date = {2014-01-12},
journaltitle = {Brasil 24/7},
url = {http://www.brasil247.com/pt/247/brasil/126654/Veto-a-rolezinho-consagra-o-apartheid-brasileiro.htm},
language = {Portuguese},
urldate = {2014-07-14}
}

@article{boff_rolezinhos,
title = {Os rolezinhos nos acusam: somos uma sociedade injusta e segregacionista},
author = {Boff, Leonardo},
date = {2014-01-23},
journaltitle = {leonardoBOFF.com},
url = {http://leonardoboff.wordpress.com/2014/01/23/os-rolezinhos-nos-acusam-somos-uma-sociedade-injusta-e-segregacionista/},
language = {Portuguese},
urldate = {2014-07-14}
}

@article{brum_vandalos,
title = {Os novos \enquote{vândalos} do Brasil},
author = {Brum, Eliane},
journaltitle = {El País},
date = {2013-12-23},
url = {http://brasil.elpais.com/brasil/2013/12/23/opinion/1387799473_348730.html},
language = {Portuguese},
urldate = {2014-07-14}
}

@article{elpais_apartheid,
title = {Apartheid no shopping?},
author = {Martín, María},
journaltitle = {El País},
date = {2014-01-13},
url = {http://brasil.elpais.com/brasil/2014/01/12/sociedad/1389559949_135207.html},
urldate = {2014-07-14}
}



@online{youtube_primeiro_rolezinho_outside,
title = {Rolezinho no shopping},
date = {2013-12-08},
url = {http://youtu.be/H4oRqmLGDd8},
subtitle = {6000 jovens invadem Shopping Metrô Itaquera em São Paulo},
language = {Portuguese},
note = {YouTube video},
urldate = {2014-06-21},
}

@online{youtube_parodia_rolezeiras,
title = {A real sobre os \enquote{rolezinho}},
date = {2014-01-25},
url = {http://youtu.be/m4rZ-qIWtEg},
language = {Portuguese},
note = {YouTube video},
urldate = {2014-07-14},
}


@online{youtube_rachel,
title = {Rolezinho - Rachel Sheherazade},
author = {Sheherazade, Rachel},
date = {2013-12-16},
language = {Portuguese},
note = {YouTube video},
url = {http://youtu.be/8hZ4cewFSl4},
urldate = {2014-07-14}
}

@online{uol_rolezeiras,
title = {Você conhece as rolezeiras? Descubra quem são e o que pensam essas meninas},
date = {2014-01-20},
language = {Portuguese},
url = {http://mais.uol.com.br/view/14831179},
note = {Video},
urldate = {2014-07-14}
}

@online{youtube_away,
title = {Rolezinho},
author = {{Away Nilzer}},
date = {2014-01-14},
url = {http://youtu.be/lutS85CBU84},
language = {Portuguese},
note = {YouTube video},
urldate = {2014-07-14},
}

@online{youtube_primeiro_rolezinho_inside,
title = {Encontro no Shopping Metrô Itaquera},
date = {2014-12-08},
url = {http://youtu.be/7K4AOFPsn7g},
language = {Portuguese},
note = {YouTube video},
urldate = {2014-06-21},
}

@online{youtube_batman,
title = {Morador do Leblon hostiliza manifestante},
date = {2014-01-19},
language = {Portuguese},
note = {YouTube video},
urldate = {2014-07-19},
url = {http://youtu.be/k8iy3eehwa8}
}

@book{lakoff2008don,
  title={Don't Think of an Elephant!: Know Your Values and Frame the Debate},
  author={Lakoff, George and Dean, Howard and Hazen, Don},
  isbn={9781603580168},
  year={2008},
  publisher={Chelsea Green Publishing}
}

@article{cancelamento_shopping_aricanduva,
author = {Juliana Deodoro},
title = {Com medo de arrastões, rolê no Shopping Aricanduva é cancelado},
journaltitle = {Veja São Paulo},
date = {2013-12-13},
language = {Portuguese},
url = {http://vejasp.abril.com.br/materia/organizador-do-rolezinho-shopping-aricanduva},
urldate = {2014-06-21},
}

@article{agora_novas_invasoes,
author = {William Cardoso and Ana Paula Campos},
title = {Jovens organizam pela internet novas invasões a shoppings},
journaltitle = {Agora São Paulo},
date = {2013-12-09},
language = {Portuguese},
url = {http://www.agora.uol.com.br/saopaulo/2013/12/1382804-jovens-organizam-pela-internet-novas-invasoes-a-shoppings.shtml},
urldate = {2014-06-22},
}

@article{estado_novas_invasoes,
author = {Laura Maia de Castro},
title = {Após tumulto em Itaquera, internautas marcam mais seis encontros em shoppings},
journaltitle = {O Estado de S. Paulo},
date = {2013-12-09},
language = {Portuguese},
url = {http://sao-paulo.estadao.com.br/noticias/geral,apos-tumulto-em-itaquera-internautas-marcam-mais-seis-encontros-em-shoppings,1106446},
urldate = {2014-06-22},
}

@article{folha_laura,
author = {Capriglione, Laura},
title = {Mesmo sem crimes, \enquote{rolezinho} causou pânico e levou polícia a shopping de Guarulhos},
journaltitle = {Folha de S. Paulo},
date = {2013-12-16},
language = {Portuguese},
url = {http://folha.com/no1386132},
urldate = {2014-07-14},
}

@article{folha_analise_gripp,
author = {Gripp, Alan},
title = {Análise: \enquote{Somos todos rolezinho} é a manifestação da vez no país},
journaltitle = {Folha de S. Paulo},
date = {2014-01-15},
language = {Portuguese},
url = {http://folha.com/no1397835},
urldate = {2014-07-14},
}


@article{folha_onda,
author = {Machado, Leandro and Bergamim Jr., Giba and Nery, Natuza},
title = {Shoppings do país se preparam para onda de `rolezinhos'},
journaltitle = {Folha de S. Paulo},
date = {2013-12-15},
language = {Portuguese},
url = {http://folha.com/no1397846},
urldate = {2014-07-14},
}

@article{gazeta_digital,
author = {Barrizon, Izabel},
title = {Rolezinho na sexta em shopping de Cuiabá},
journaltitle = {Gazeta Digital},
date = {2014-01-31},
url = {http://bit.ly/gazeta2013},
urldate = {2014-07-14},
}

@article{folha_ponde,
author = {Pondé, Luiz Felipe},
title = {Dois pesos e duas medidas},
journaltitle = {Folha de S. Paulo},
date = {2014-01-20},
language = {Portuguese},
url = {http://folha.com/no1399888},
urldate = {2014-07-14},
}

@article{folha_vanessa,
author = {Barbara, Vanessa},
title = {Depoimento: Em Itaquera, PM dizia a quem passava: `Vou arrebentar você'},
journaltitle = {Folha de S. Paulo},
date = {2013-12-13},
language = {Portuguese},
url = {http://folha.com/no1396820},
urldate = {2014-07-14},
}

@article{rosana,
author = {{Pinheiro Machado}, Rosana},
title = {Etnografia do rolezinho},
journaltitle = {Blog pessoal - Rosana Pinheiro Machado},
date = {2013-12-30},
language = {Portuguese},
url = {bit.ly/rosa2013},
urldate = {2014-07-14},
}



@article{veja_novas_invasoes,
title = {Jovens organizam novos 'rolezinhos' em shoppings pelas redes sociais},
journaltitle = {Veja São Paulo},
date = {2013-12-09},
language = {Portuguese},
url = {http://vejasp.abril.com.br/materia/baile-funk-shopping-facebook-rolezinho},
urldate = {2014-06-22},
}

@article{r7_novas_invasoes,
title = {Novos encontros de funkeiros em shoppings de SP devem reunir milhares nas próximas semanas},
journaltitle = {R7},
date = {2013-12-10},
language = {Portuguese},
url = {http://noticias.r7.com/sao-paulo/novos-encontros-de-funkeiros-em-shoppings-de-sp-devem-reunir-milhares-nas-proximas-semanas-10122013},
urldate = {2014-06-22},
}

@article{estado_novas_invasoes_2,
title = {Encontros marcados nas redes devem levar milhares de jovens a shoppings},
journaltitle = {O Estado de S. Paulo},
date = {2013-12-14},
language = {Portuguese},
url = {http://sao-paulo.estadao.com.br/noticias/geral,encontros-marcados-nas-redes-devem-levar-milhares-de-jovens-a-shoppings,1108589},
urldate = {2014-06-22},
}

@article{folha_guarulhos,
title = {PM detém 23 após denúncias de arrastão e cerca shopping na Grande SP},
journaltitle = {Folha de S. Paulo},
date = {2013-12-14},
language = {Portuguese},
url = {http://www1.folha.uol.com.br/cotidiano/2013/12/1385899-pm-detem-15-menores-por-suposto-arrastao-e-cerca-shopping-de-guarulhos-sp.shtml},
urldate = {2014-06-23},
}

@article{g1_guarulhos,
title = {PM é chamada para conter arrastão em shopping de Guarulhos, SP},
journaltitle = {G1},
date = {2013-12-14},
language = {Portuguese},
url = {http://g1.globo.com/sao-paulo/noticia/2013/12/pm-e-chamada-para-conter-arrastao-em-shopping-de-guarulhos-sp.html},
urldate = {2014-06-23},
}

@article{estado_guarulhos,
author = {Fabiana Cambricoli and Paulo Saldaña},
title = {Tumulto em shopping de Guarulhos acaba com 23 detidos},
journaltitle = {O Estado de S. Paulo},
date = {2013-12-14},
language = {Portuguese},
url = {http://sao-paulo.estadao.com.br/noticias/geral,tumulto-em-shopping-de-guarulhos-acaba-com-23-detidos,1108685},
urldate = {2014-06-23},
}

@article{folha_direito_segregacao,
author = {Abramovay, Pedro},
title = {Opinião: Liminar que proíbe `rolezinho' assegura `direito à segregação'},
journaltitle = {Folha de S. Paulo},
date = {2014-01-14},
language = {Portuguese},
url = {http://folha.com/no1397333},
urldate = {2014-07-14},
}


@article{folha_libertacao_guarulhos,
title = {Polícia libera jovens detidos após denúncia de arrastão em shopping},
journaltitle = {Folha de S. Paulo},
date = {2013-12-15},
language = {Portuguese},
url = {http://folha.com/no1385941},
urldate = {2014-06-23},
}

@article{folha_campo_limpo_1,
title = {Polícia impede `rolezinho' em shopping Campo Limpo, na zona sul de SP},
journaltitle = {Folha de S. Paulo},
date = {2013-12-21},
language = {Portuguese},
url = {http://folha.com/no1389017},
urldate = {2014-06-23},
}

@article{folha_campo_limpo_2,
title = {Lojas de shopping de SP fecham com medo de encontro de jovens},
journaltitle = {Folha de S. Paulo},
date = {2013-12-22},
language = {Portuguese},
url = {http://folha.com/no1389084},
urldate = {2014-06-23},
}

@article{folha_interlagos,
author = {Joel Silva and Alexandre Orrico},
title = {`Rolezinho' causa tumulto em shopping na zona sul de SP},
journaltitle = {Folha de S. Paulo},
date = {2013-12-22},
language = {Portuguese},
url = {http://folha.com/no1389158},
urldate = {2014-06-23},
}

@article{folha_carvalho,
author = {Bächtold, Felipe},
title = {Governo viu `ingratidão' nas manifestações de junho, diz ministro de Dilma},
journaltitle = {Folha de S. Paulo},
date = {2014-01-24},
language = {Portuguese},
url = {http://folha.com/no1402311},
urldate = {2014-06-23},
}

@article{r7_interlagos,
title = {``Rolezinho'' causa princípio de tumulto no shopping Interlagos},
journaltitle = {R7},
date = {2013-12-22},
language = {Portuguese},
url = {http://noticias.r7.com/sao-paulo/rolezinho-causa-principio-de-tumulto-no-shopping-interlagos-22122013},
urldate = {2014-06-23},
}

@article{g1_interlagos,
title = {PM recebe chamados de princípio de tumulto em shopping de SP},
journaltitle = {G1},
date = {2013-12-22},
language = {Portuguese},
url = {http://g1.globo.com/sao-paulo/noticia/2013/12/pm-recebe-chamados-de-principio-de-tumulto-em-shopping-de-sp.html},
urldate = {2014-06-23},
}

@article{ig_interlagos,
author = {Wanderley Preite Sobrinho},
title = {Polícia prende 14 após `rolezinho' em shopping na zona sul de São Paulo},
journaltitle = {iG},
date = {2013-12-22},
language = {Portuguese},
url = {http://ultimosegundo.ig.com.br/brasil/sp/2013-12-22/policia-prende-14-apos-rolezinho-em-shopping-na-zona-sul-de-sao-paulo.html},
urldate = {2014-06-23},
}

@article{estado_interlagos,
author = {Diego Zanchetta},
title = {Perto do Natal, `rolezinho' fecha lojas de shopping},
journaltitle = {O Estado de S. Paulo},
date = {2013-12-22},
language = {Portuguese},
url = {http://sao-paulo.estadao.com.br/noticias/geral,perto-do-natal-rolezinho-fecha-lojas-de-shopping,1111656},
urldate = {2014-06-23},
}

@article{maceio,
author = {Luciano Milano},
title = {Grupo de jovens causa tumulto e é expulso de shopping de Maceió},
journaltitle = {TNH1},
date = {2013-12-27},
language = {Portuguese},
url = {http://tnh1.ne10.uol.com.br/noticia/maceio/2013/12/27/281995/grupo-de-jovens-causa-tumulto-e-e-expulso-de-shopping-de-maceio},
urldate = {2014-06-23},
}

@article{cbn_campinas,
author = {Glaucia Franchini},
title = {Evento organizado pelas redes sociais promete `tumultar' shopping de Campinas},
journaltitle = {CBN Campinas},
date = {2013-12-27},
language = {Portuguese},
url = {http://www.portalcbncampinas.com.br/?p=71367},
urldate = {2014-06-23},
}

@article{correio_popular_campinas_1, 
author = {Inaê Miranda},
title = {Encontro de jovens em shopping mobiliza PM e seguranças},
journaltitle = {Correio Popular},
date = {2014-01-03},
language = {Portuguese},
url = {http://correio.rac.com.br/_conteudo/2014/01/capa/campinas_e_rmc/140330-encontro-de-jovens-em-shopping-mobiliza-pm-e-segurancas.html},
urldate = {2014-06-23},
}

@article{correio_popular_campinas_2, 
author = {Inaê Miranda},
title = {`Rolezinho' marcado pela rede social mobiliza PM em Campinas},
journaltitle = {Correio Popular},
date = {2014-01-10},
language = {Portuguese},
url = {http://correio.rac.com.br/_conteudo/2014/01/capa/campinas_e_rmc/142350-rolezinho-marcado-pela-rede-social-mobiliza-pm-em-campinas.html},
urldate = {2014-06-23},
}

@article{g1_campinas, 
author = {Wagner Aparecido de {Souza}},
title = {Internauta registra tentativa de 'rolezinho' em shopping de Campinas},
journaltitle = {G1 EPTV},
date = {2014-01-04},
language = {Portuguese},
url = {http://g1.globo.com/sp/campinas-regiao/vc-no-g1-eptv/noticia/2014/01/internauta-registra-tentativa-de-rolezinho-em-shopping-de-campinas.html},
urldate = {2014-06-23},
}

@article{araraquara, 
author = {Gabriela Martins},
title = {Shopping reforça segurança para coibir `bagunça' de adolescentes},
journaltitle = {Tribuna Impressa},
date = {2014-01-08},
language = {Portuguese},
url = {http://www.araraquara.com/noticias/cidades/NOT,0,0,914337,Shopping+reforca+seguranca+para+coibir+bagunca+de+adolescentes.aspx},
urldate = {2014-06-23},
}

@article{cgn_cascavel, 
author = {Allan Machado},
title = {Encontro em Shopping não foi concretizado	},
journaltitle = {CGN},
date = {2014-01-05},
language = {Portuguese},
url = {http://cgn.uol.com.br/noticia/76722/encontro-em-shopping-nao-foi-concretizado},
urldate = {2014-06-23},
}

@article{reinaldo_advogado, 
author = {Azevedo, Reinaldo},
title = {Advogado da dupla que matou Santiago Andrade diz que partidos e outros grupos financiam jovens para criar \enquote{terrorismo social} e cobra que imprensa e Polícia investiguem vereadores, deputados estaduais e diretórios regionais de partidos},
journaltitle = {veja.com.br},
date = {2014-02-12},
language = {Portuguese},
url = {http://veja.abril.com.br/blog/reinaldo/geral/advogado-da-dupla-que-matou-santiago-andrade-diz-que-partidos-e-outros-grupos-financiam-jovens-para-criar-terrorismo-social-e-cobra-que-imprensa-e-policia-investiguem-vereadores-dep/},
urldate = {2014-07-14},
}

@article{uol_policiamento_shopping, 
author = {Baroni, Larissa Leiros},
title = {Associação pede reforço de policiamento no entorno de shoppings após tumulto em SP},
journaltitle = {UOL Notícias},
date = {2013-12-09},
language = {Portuguese},
url = {http://noticias.uol.com.br/cotidiano/ultimas-noticias/2013/12/09/associacao-pede-reforco-de-policiamento-no-entorno-de-shoppings-apos-tumulto-em-sp.htm},
urldate = {2014-07-18},
}

@article{reinaldo_esquerda, 
author = {Azevedo, Reinaldo},
title = {A esquerda bocó já está de olho no rolezinho\ldots},
journaltitle = {veja.com.br},
date = {2014-01-13},
language = {Portuguese},
url = {http://veja.abril.com.br/blog/reinaldo/geral/a-esquerda-boco-ja-esta-de-olho-no-rolezinho/},
urldate = {2014-07-14},
}

@article{reinaldo_carvalho, 
author = {Azevedo, Reinaldo},
title = {Um absurdo sem Gilberto Carvalho nunca está completo. Ou: A fala irresponsável do ministro insuflador},
journaltitle = {veja.com.br},
date = {2014-01-16},
language = {Portuguese},
url = {http://veja.abril.com.br/blog/reinaldo/geral/um-absurdo-sem-gilberto-carvalho-nunca-esta-completo-ou-a-fala-irresponsavel-do-ministro-insuflador/},
urldate = {2014-07-18},
}

@article{reinaldo_mistificacoes, 
author = {Azevedo, Reinaldo},
title = {Rolezinho e mistificações baratas},
journaltitle = {Folha de S. Paulo},
date = {2014-01-17},
language = {Portuguese},
url = {http://folha.com/no1398857},
urldate = {2014-07-14},
}

@article{reinaldo_paucome, 
author = {Azevedo, Reinaldo},
title = {O pau volta a comer em São Paulo. Incentivo à baderna vem hoje do Palácio do Planalto e do PT. E digo por quê},
journaltitle = {veja.com.br},
date = {2014-01-26},
language = {Portuguese},
url = {http://veja.abril.com.br/blog/reinaldo/geral/o-pau-volta-a-comer-em-sao-paulo-incentivo-a-baderna-vem-hoje-do-palacio-do-planalto-e-do-pt-e-digo-por-que/},
urldate = {2014-07-14},
}


@article{reinaldo_datafolha, 
author = {Azevedo, Reinaldo},
title = {O Datafolha e os subintelectuais decepcionados com o povo: 82\% dos paulistanos são contra rolezinhos, e 73\%, a favor da ação da polícia. Larga maioria de negros e pardos não vê discriminação},
journaltitle = {veja.com.br},
date = {2014-01-23},
language = {Portuguese},
url = {http://veja.abril.com.br/blog/reinaldo/geral/o-datafolha-e-os-subintelectuais-decepcionados-com-o-povo-82-dos-paulistanos-sao-contra-rolezinhos-e-73-a-favor-da-acao-da-policia-larga-maioria-de-negros-e-pardos-nao-ve-discriminacao/},
urldate = {2014-07-14},
}

@article{constantino_comportamental, 
author = {Constantino, Rodrigo},
title = {O apartheid no shopping center é comportamental},
journaltitle = {veja.com.br},
date = {2014-01-14},
language = {Portuguese},
url = {http://veja.abril.com.br/blog/rodrigo-constantino/cultura/o-apartheid-no-shopping-center-e-comportamental/},
urldate = {2014-07-14},
}

@article{constantino_resposta, 
author = {Constantino, Rodrigo},
title = {Da inferioridade dos boçais},
journaltitle = {veja.com.br},
date = {2014-01-14},
url = {http://bit.ly/const2013},
urldate = {2014-07-14},
}

@article{constantino_barbarie, 
author = {Constantino, Rodrigo},
title = {O ``rolezinho'' da inveja. Ou: A barbárie se protege sob o manto do preconceito},
journaltitle = {veja.com.br},
date = {2014-01-14},
language = {Portuguese},
url = {http://veja.abril.com.br/blog/rodrigo-constantino/cultura/o-rolezinho-da-inveja-ou-a-barbarie-se-protege-sob-o-manto-do-preconceito/},
urldate = {2014-07-14},
}

@article{brum_kaique, 
author = {Brum, Eliane},
title = {Kaique e os rolezinhos: o lugar de cada um},
journaltitle = {El País},
date = {2014-01-20},
language = {Portuguese},
url = {http://brasil.elpais.com/brasil/2014/01/20/opinion/1390219331_005511.html},
urldate = {2014-07-14},
}

@article{elpais_rebeliao, 
author = {Martín, María and Bedinelli, Talita},
title = {A rebelião dos excluídos},
journaltitle = {El País},
date = {2014-01-14},
language = {Portuguese},
url = {http://brasil.elpais.com/brasil/2014/01/14/politica/1389736517_226341.html},
urldate = {2014-07-14},
}


@article{folhapolitica_rolezinho_congresso, 
author = {Ferreira, Lígia},
title = {Internautas marcam \enquote{rolezinho} no Congresso e no Planalto; Black Blocs poderão fazer parte},
journaltitle = {Folha Política},
date = {2014-01-17},
language = {Portuguese},
url = {http://www.folhapolitica.org/2014/01/internautas-marcam-rolezinho-no.html},
urldate = {2014-07-14},
}

@article{folhapolitica_medo_brancos	, 
title = {Medo de `rolezinho' é reação de brancos, diz ministra},
journaltitle = {Folha Política},
date = {2014-01-16},
language = {Portuguese},
url = {http://www.folhapolitica.org/2014/01/medo-de-rolezinho-e-reacao-de-brancos.html},
urldate = {2014-07-14},
}

@article{gazeta_cascavel_pontagrossa, 
author = {Luiz Carlos da {Cruz} and Derek Kubaski},
title = {Rolezinho perturba shoppings no PR},
journaltitle = {Gazeta do Povo},
date = {2014-01-06},
language = {Portuguese},
url = {http://www.gazetadopovo.com.br/vidaecidadania/conteudo.phtml?id=1437689},
urldate = {2014-06-23},
}

@article{folha_elite_classec, 
author = {Diniz, Pedro},
title = {Elite brasileira é uma grande classe C},
journaltitle = {Folha de S. Paulo},
date = {2014-02-14},
language = {Portuguese},
url = {http://folha.com/no1411839},
urldate = {2014-07-14},
}

@article{folha_carvalho_fogo,
title = {Polícia pode \enquote{colocar fogo} em \enquote{rolezinhos}, diz ministro de Dilma},
journaltitle = {Folha de S. Paulo},
date = {2014-01-16},
language = {Portuguese},
url = {http://folha.com/no1398540},
urldate = {2014-07-18},
}

@article{folha_pms_agredindo, 
author = {Krepp, Ana},
title = {Vídeo mostra PMs agredindo jovens em `rolezinho' dentro do shopping Itaquera},
journaltitle = {Folha de S. Paulo},
date = {2014-01-11},
language = {Portuguese},
url = {http://folha.com/no1396629},
urldate = {2014-07-14},
}

@article{folha_medo_brancos, 
author = {Franco, Bernardo Mello},
title = {Medo de `rolezinho' é reação de brancos, diz ministra},
journaltitle = {Folha de S. Paulo},
date = {2014-01-16},
language = {Portuguese},
url = {http://folha.com/no1398312},
urldate = {2014-07-14},
}

@article{piaui_rolezinho_miami,
title = {Miami proíbe rolezinho de brasileiros},
journaltitle = {revista piauí},
date = {2014-01-17},
language = {Portuguese},
url = {http://revistapiaui.estadao.com.br/blogs/herald/internacional/miami-proibe-rolezinho-de-brasileiros},
urldate = {2014-07-14}
}

@article{g1_naspalavras,
title = {`Rolezinho' nas palavras de quem vai},
author = {Macedo, Letícia and Piza, Paulo Toledo},
journaltitle = {G1},
date = {2014-01-15},
language = {Portuguese},
url = {http://g1.globo.com/sao-paulo/noticia/2014/01/rolezinho-nas-palavras-de-quem-vai.html},
urldate = {2014-07-14}
}

@article{g1_guardaespancado,
title = {Guarda é agredido em `rolezinho' de jovens em parque de Guarulhos},
journaltitle = {G1},
date = {2014-01-13},
language = {Portuguese},
url = {http://g1.globo.com/sao-paulo/noticia/2014/01/guarda-e-espancado-em-rolezinho-de-jovens-em-parque-de-guarulhos.html},
urldate = {2014-07-14}
}

@article{arede_pontagrossa, 
author = {Mauricio de Olinda},
title = {Medo de tumulto fecha maior shopping da cidade},
journaltitle = {A Rede},
date = {2014-01-06},
language = {Portuguese},
url = {http://arede.info/ponta_grossa/medo-de-tumulto-fecha-maior-shopping-da-cidade/},
urldate = {2014-06-23},
}

@article{g1_tucuruvi,
title = {PM é chamada para conter tumulto em shopping na Zona Norte de SP},
journaltitle = {G1},
date = {2014-01-04},
language = {Portuguese},
url = {http://g1.globo.com/sao-paulo/noticia/2014/01/pm-e-chamada-para-conter-tumulto-em-shopping-na-zona-norte-de-sp.html},
urldate = {2014-06-23},
}

@article{folha_tucuruvi_1,
author={Martha Alves},
title = {Jovens fazem ``rolezinho'' em shopping na zona norte de SP},
journaltitle = {Folha de S. Paulo},
date = {2014-01-05},
language = {Portuguese},
url = {http://www1.folha.uol.com.br/cotidiano/2014/01/1393486-jovens-fazem-rolezinho-em-shopping-na-zona-norte-de-sp.shtml},
urldate = {2014-06-23},
}

@article{folha_tucuruvi_2,
author={Ricardo Bunduky},
title = {`Rolezinho' faz shopping fechar mais cedo},
journaltitle = {Folha de S. Paulo},
date = {2014-01-06},
language = {Portuguese},
url = {http://www1.folha.uol.com.br/fsp/cotidiano/146551-rolezinho-faz-shopping-fechar-mais-cedo.shtml},
urldate = {2014-06-23},
}

@article{estado_tucuruvi,
author={Fabiana Cambricoli},
title = {Com ``rolezinho'', shopping fecha três horas mais cedo},
journaltitle = {O Estado de S. Paulo},
date = {2014-01-05},
language = {Portuguese},
url = {http://sao-paulo.estadao.com.br/noticias/geral,com-rolezinho-shopping-fecha-tres-horas-mais-cedo,1115260},
urldate = {2014-06-23},
}

@article{jovempan_tucuruvi,
author={Paulo Edson Fiore},
title = {Shopping Metrô Tucuruvi é alvo de ``rolezinho'' em São Paulo},
journaltitle = {Jovem Pan},
date = {2014-01-05},
language = {Portuguese},
url = {http://jovempan.uol.com.br/noticias/brasil/sao-paulo/shopping-metro-tucuruvi-e-alvo-de-rolezinho-em-sao-paulo.html},
urldate = {2014-06-23},
}

@article{bandnewstv_arrastao_itaquera,
title = {Shopping em São Paulo sofre arrastão após 6.000 jovens invadirem local},
journaltitle = {Band News},
date = {2013-12-08},
url = {http://bandnewstv.band.uol.com.br/noticias/conteudo.asp?ID=694667},
urldate = {2014-07-14}
}

@article{band_confronto_itaquera,
title = {``Rolezinho'' em shopping termina com prisões},
journaltitle = {Band.com.br},
date = {2014-01-11},
language = {Portuguese},
url = {http://noticias.band.uol.com.br/cidades/noticia/100000656645/rolezinho-em-shopping-termina-com-prisoes-em-sao-paulo.html},
urldate = {2014-06-24},
}

@article{folha_confronto_itaquera,
author = {Ana Krepp and Felipe Souza},
title = {PM usa bombas e bala de borracha em `rolezinho' em SP; dois são detidos},
journaltitle = {Folha de S. Paulo},
date = {2014-01-11},
language = {Portuguese},
url = {http://www1.folha.uol.com.br/cotidiano/2014/01/1396595-policia-usa-bombas-de-gas-e-bala-de-borracha-em-rolezinho-em-sp.shtml},
urldate = {2014-06-24},
}

@article{g1_confronto_itaquera,
title = {Polícia usa bombas de gás e balas de borracha em ação contra `rolezinho'},
journaltitle = {G1},
date = {2014-01-11},
language = {Portuguese},
url = {http://g1.globo.com/sao-paulo/noticia/2014/01/policia-usa-bombas-de-gas-e-balas-de-borracha-em-acao-contra-rolezinho.html},
urldate = {2014-06-24},
}

@article{ig_confronto_itaquera,
author = {Wanderley Preite Sobrinho},
title = {Polícia usa bombas de gás e balas de borracha em ação contra `rolezinho'},
journaltitle = {iG},
date = {2014-01-11},
language = {Portuguese},
url = {http://ultimosegundo.ig.com.br/brasil/sp/2014-01-11/policia-usa-bala-de-borracha-e-spray-para-acabar-com-rolezinho-em-shopping.html},
urldate = {2014-06-24},
}

@article{estado_confronto_itaquera,
author = {Bruno Ribeiro and Marina Azaredo},
title = {PM usa bala de borracha e gás lacrimogêneo em `rolezinho'},
journaltitle = {O Estado de S. Paulo},
date = {2014-01-11},
language = {Portuguese},
url = {http://sao-paulo.estadao.com.br/noticias/geral,pm-usa-bala-de-borracha-e-gas-lacrimogeneo-em-rolezinho,1117420},
urldate = {2014-06-24},
}

@article{r7_confronto_itaquera,
title = {``Rolezinho'' no shopping Itaquera tem ao menos dois detidos, diz PM},
journaltitle = {R7},
date = {2014-01-11},
language = {Portuguese},
url = {http://noticias.r7.com/sao-paulo/rolezinho-no-shopping-itaquera-tem-ao-menos-dois-detidos-diz-pm-11012014},
urldate = {2014-06-24},
}

@article{folha_liminar_shoppings,
title = {Shoppings de SP conseguem liminar na Justiça para impedir `rolezinho'},
journaltitle = {Folha de S. Paulo},
date = {2014-01-11},
language = {Portuguese},
url = {http://www1.folha.uol.com.br/cotidiano/2014/01/1396585-shoppings-de-sp-conseguem-liminar-na-justica-para-impedir-rolezinho.shtml},
urldate = {2014-06-24},
}

@article{estado_liminar_shoppings,
author = {Marina Azaredo},
title = {Medo de `rolezinho' faz JK Iguatemi barrar menores e até funcionários},
journaltitle = {O Estado de S. Paulo},
date = {2014-01-11},
language = {Portuguese},
url = {http://sao-paulo.estadao.com.br/noticias/geral,medo-de-rolezinho-faz-jk-iguatemi-barrar-menores-e-ate-funcionarios,1117400},
urldate = {2014-06-24},
}

@article{veja_liminar_shoppings,
author = {Juliene Moretti},
title = {Com medo de rolezinho, JK Iguatemi barra entrada até de funcionários},
journaltitle = {Veja São Paulo},
date = {2014-01-11},
language = {Portuguese},
url = {http://vejasp.abril.com.br/materia/rolezinho-shopping-jk-iguatemi},
urldate = {2014-06-24},
}

@article{g1_liminar_shoppings,
author = {Juliene Moretti},
title = {Shopping consegue na Justiça direito de impedir `rolezinho'},
journaltitle = {G1},
date = {2014-01-11},
language = {Portuguese},
url = {http://g1.globo.com/sao-paulo/noticia/2014/01/shopping-consegue-na-justica-direito-de-impedir-rolezinho.html},
urldate = {2014-06-24},
}

@article{band_liminar_shoppings,
title = {Segurança do shopping JK impede ``rolezinho''},
journaltitle = {Band.com.br},
date = {2014-01-11},
language = {Portuguese},
url = {http://noticias.band.uol.com.br/cidades/noticia/100000656619/seguranca-do-shopping-jk-impede-rolezinho.html},
urldate = {2014-06-24},
}

@article{cartacapital_liminar_shoppings,
author = {Joseh Silva},
title = {``Rolezinho'': adolescentes são barrados em shopping de SP},
journaltitle = {Carta Capital},
date = {2014-01-11},
language = {Portuguese},
url = {http://www.cartacapital.com.br/blogs/speriferia/rolezinho-adolescentes-sao-barrados-no-shopping-campo-limpo-5578.html},
urldate = {2014-06-24},
}

@article{cartacapital_sheherazade,
author = {Bocchini, Lino},
title = {Esqueça Sheherazade. A culpa é de Silvio e do governo},
journaltitle = {Carta Capital},
date = {2014-02-07},
language = {Portuguese},
url = {http://www.cartacapital.com.br/sociedade/esqueca-sheherazade-os-culpados-sao-silvio-e-o-governo-2812.html},
urldate = {2014-07-14},
}